@book{cit:kolmogorov,
    author="А. Н. Колмогоров",
    title="Основные понятия теории вероятностей",
    series="Математика в монографиях",
    publisher="ОНТИ НКТП СССР",
    year=1936,
    langid="russian",
    category={probability}
}
@book{cit:feller,
    author="В. Феллер",
    title="Введение в теорию вероятностей и её приложения",
    publisher="М.: Мир",
    year=1984,
    langid="russian",
    category={probability}
}
@book{cit:neveu,
    author={Ж. Невё},
    title={Математические основы теории вероятностей},
    publisher={М.:~<<Мир>>},
    year=1969,
    langid="russian",
    category={probability}
}
@book{cit:shir,
    author="А. Н. Ширяев",
    title="Вероятность",
    publisher="М.:~МЦНМО",
    year=2004,
    langid="russian",
    category={probability}
}
@book{cit:probbook-2010,
    author="Ю. П. Пытьев and И. А. Шишмарёв",
    title="Теория вероятностей, математическая статистика и элементы теории возможностей для физиков",
    publisher="М.:~Физический факультет МГУ им.~М.\,В.\;Ломоносова",
    year=2010,
    langid="russian",
    category={probability, pytyev_possibility}
}

@book{cit:leman,
    author="Э. Леман",
    title="Проверка статистических гипотез",
    year=1979,
    langid="russian",
    category={statistics}
}
@book{cit:barra,
    author="Ж.-Р. Барра",
    title="Основные понятия математической статистики",
    publisher="М.:~<<Мир>>",
    year=1974,
    langid="russian",
    category={statistics}
}
@book{cit:borovkov-1997,
    author="А. А. Боровков",
    title="Математическая статистика",
    publisher="Новосибирск: Наука, Издательство Института математики",
    year=1997,
    langid="russian",
    category={statistics}
}

@article{cit:Zadeh-1978,
    author="L. A. Zadeh",
    title="Fuzzy sets as a basis for a theory of possibility",
    journal="Fuzzy Sets and Systems",
    volume=1,
    number=1,
    pages="3--28",
    year=1978,
    langid="english",
    category={zadeh_possibility}
}
@book{cit:dubois_prade-1990,
    author={Д. Дюбуа and А. Прад},
    title={Теория возможностей. Приложения к представлению знаний в информатике},
    year=1990,
    publisher={М.:~<<Радио и связь>>},
    langid={russian},
    category={zadeh_possibility}
}
@book{cit:possbook-2000,
    author="Ю. П. Пытьев",
    title="Возможность. Элементы теории и применения",
    publisher="М.:\;<<Эдиториал УРСС>>",
    year=2000,
    langid="russian",
    category={pytyev_possibility}
}
@book{cit:possbook-2007,
    author="Ю. П. Пытьев",
    title="Возможность как альтернатива вероятности. Математические и эмпирические основы, применение",
    publisher="М.:\;ФИЗМАТЛИТ",
    year=2007,
    langid="russian",
    category={pytyev_possibility}
}

@article{cit:PytyevMorphI,
    author="Ю. П. Пытьев",
    title="Морфологические понятия в задачах анализа изображений",
    journal="Докл. АН СССР",
    volume=224,
    number=6,
    pages="1283--1286",
    year=1975,
    langid="russian",
    category={pytyev_morphology}
}
@article{cit:PytyevMorphII,
    author="Ю. П. Пытьев",
    title="Морфологический анализ изображений",
    journal="Докл. АН СССР",
    volume=269,
    number=5,
    pages="1061--1064",
    year=1983,
    langid="russian",
    category={pytyev_morphology}
}
@article{cit:PytyevMorphIII,
    author="Ю. П. Пытьев",
    title="Задачи морфологического анализа изображений",
    journal="В~сб.~ст.~<<Ма\-те\-ма\-ти\-ческие методы исследования природных ресурсов Земли из космоса>>",
    publisher="М.:~Наука",
    year=1984,
    pages="41--82",
    langid="russian",
    category={pytyev_morphology}
}
@thesis{cit:VizilterTh,
    author="Юрий Валентинович Визильтер",
    title="Теория и методы морфологического анализа изображений",
    year=2009,
    type="docthesis",
    major={физ.-мат. наук},
    majorcode={05.13.17},
    pagestotal={275},
    institution={ФГУП <<ГосНИИАС>>},
    langid="russian",
    category={pytyev_morphology, vizilter}
}
@book{cit:vizilter_lectures,
    author={Ю. В. Визильтер and С. Ю. Желтов and А. В. Бондаренк and, Н. В. Хосков and А. В. Моржин},
    title={Обработка и анализ изображений в задачах машинного зрения. Курс лекций и практических занятий},
    publisher={М.:~Физматкнига},
    year=2010,
    langid="russian",
    category={pytyev_morphology, vizilter}
}
@book{cit:morph_book,
    author="Ю. П. Пытьев and А. И. Чуличков",
    title="Методы морфологического анализа изображений",
    publisher="М.:~ФИЗМАТЛИТ",
    year=2010,
    langid="russian",
    category={pytyev_morphology}
}
